<?xml version="1.0" encoding="UTF-8"?><collection xmlns="http://www.loc.gov/MARC21/slim"><record><leader>00292nam--2200121-i-4500</leader><controlfield tag="001">000048983</controlfield><controlfield tag="002">20161230</controlfield><controlfield tag="005">20161230201047</controlfield><controlfield tag="008">060222s1000------------r-----000-0-eng-d</controlfield><datafield ind1=" " ind2=" " tag="080"><subfield code="a">929</subfield></datafield><datafield ind1=" " ind2=" " tag="245"><subfield code="a">Vospominaniia stati. dokumenty</subfield></datafield><datafield ind1=" " ind2=" " tag="260"><subfield code="a">Leningrad, Izd.-vo Nauka, 1985. 296 S</subfield></datafield><datafield ind1=" " ind2=" " tag="852"><subfield code="a">72784</subfield></datafield></record></collection>